<record xmlns="http://www.loc.gov/MARC21/slim" xmlns:xsi="http://www.w3.org/2001/XMLSchema-instance" xsi:schemaLocation="http://www.loc.gov/MARC21/slim http://www.loc.gov/standards/marcxml/schema/MARC21slim.xsd"><leader>01669nam a2200337   4500</leader><controlfield tag="001">001685932</controlfield><controlfield tag="003">NNU</controlfield><controlfield tag="006">m        d        </controlfield><controlfield tag="007">cr cn |||m|||a</controlfield><controlfield tag="008">140707s1935    ua      o     000 0 arard</controlfield><datafield ind1=" " ind2=" " tag="040"><subfield code="a">NNU</subfield><subfield code="b">eng</subfield><subfield code="c">NNU</subfield></datafield><datafield ind1=" " ind2=" " tag="066"><subfield code="c">(3</subfield></datafield><datafield ind1=" " ind2=" " tag="090"><subfield code="a">PJ7814</subfield><subfield code="b">.R7 1935</subfield></datafield><datafield ind1="1" ind2=" " tag="100"><subfield code="6">880-01</subfield><subfield code="a">Arsl&#257;n, Shak&#299;b,</subfield><subfield code="c">Am&#299;r,</subfield><subfield code="d">1869-1946</subfield></datafield><datafield ind1="1" ind2="0" tag="240"><subfield code="6">880-02</subfield><subfield code="a">Poems</subfield></datafield><datafield ind1="1" ind2="0" tag="245"><subfield code="6">880-03</subfield><subfield code="a">D&#299;w&#257;n al-Am&#299;r Shak&#299;b Arsl&#257;n</subfield><subfield code="h">[electronic resource] /</subfield><subfield code="c">waqafa &#699;al&#225; &#7789;ab&#699; al-qism al-akbar min h&#257;dh&#257; al-d&#299;w&#257;n wa-ta&#7779;&#7717;&#299;&#7717; mal&#257;zimihi Mu&#7717;ammad Rash&#299;d Ri&#7693;&#257;.</subfield></datafield><datafield ind1=" " ind2=" " tag="260"><subfield code="6">880-04</subfield><subfield code="a">Mi&#7779;r :</subfield><subfield code="b">Ma&#7789;ba&#699;at al-Man&#257;r,</subfield><subfield code="c">1935.</subfield></datafield><datafield ind1=" " ind2=" " tag="300"><subfield code="a">online resource (5 [i.e. 4]; 205 p.)</subfield></datafield><datafield ind1=" " ind2=" " tag="500"><subfield code="a">Part of the Arabic Collections Online (ACO) project, contributed by New York Univeristy Libraries.</subfield></datafield><datafield ind1=" " ind2=" " tag="533"><subfield code="a">Electronic reproduction.</subfield><subfield code="b">New York, N.Y. :</subfield><subfield code="c">New York University,</subfield><subfield code="d">2014.</subfield><subfield code="5">NNU</subfield></datafield><datafield ind1="0" ind2=" " tag="700"><subfield code="6">880-05</subfield><subfield code="a">Mu&#7717;ammad Rash&#299;d Ri&#7693;&#257;</subfield></datafield><datafield ind1="2" ind2=" " tag="710"><subfield code="a">New York University.</subfield><subfield code="b">Libraries.</subfield></datafield><datafield ind1="0" ind2=" " tag="730"><subfield code="a">Arabic Collections Online.</subfield></datafield><datafield ind1="0" ind2="8" tag="776"><subfield code="i">Print version:</subfield><subfield code="a">Arsl&#257;n, Shak&#299;b, Am&#299;r, 1869-1946 880-01</subfield><subfield code="t">D&#299;w&#257;n al-Am&#299;r Shak&#299;b Arsl&#257;n</subfield><subfield code="w">(NNU)001685932</subfield></datafield><datafield ind1="4" ind2="0" tag="856"><subfield code="u">http://hdl.handle.net/2333.1/ttdz0bfs</subfield></datafield><datafield ind1="1" ind2=" " tag="880"><subfield code="6">100-01/</subfield><subfield code="a">&#1571;&#1585;&#1587;&#1604;&#1575;&#1606;&#1548; &#1588;&#1603;&#1610;&#1576;&#1548;</subfield><subfield code="c">&#1571;&#1605;&#1610;&#1585;.</subfield></datafield><datafield ind1="1" ind2="0" tag="880"><subfield code="6">240-02/</subfield><subfield code="a">&#1571;&#1588;&#1593;&#1575;&#1585;</subfield></datafield><datafield ind1="1" ind2="0" tag="880"><subfield code="6">245-03/</subfield><subfield code="a">&#1583;&#1610;&#1608;&#1575;&#1606; &#1575;&#1604;&#1571;&#1605;&#1610;&#1585; &#1588;&#1603;&#1610;&#1576; &#1571;&#1585;&#1587;&#1604;&#1575;&#1606; /</subfield><subfield code="c">&#1608;&#1602;&#1601; &#1593;&#1604;&#1609; &#1591;&#1576;&#1593; &#1575;&#1604;&#1602;&#1587;&#1605; &#1575;&#1604;&#1571;&#1603;&#1576;&#1585; &#1605;&#1606; &#1607;&#1584;&#1575; &#1575;&#1604;&#1583;&#1610;&#1608;&#1575;&#1606; &#1608;&#1578;&#1589;&#1581;&#1610;&#1581; &#1605;&#1604;&#1575;&#1586;&#1605;&#1607; &#1605;&#1581;&#1605;&#1583; &#1585;&#1588;&#1610;&#1583; &#1585;&#1590;&#1575;.</subfield></datafield><datafield ind1=" " ind2=" " tag="880"><subfield code="6">260-04/</subfield><subfield code="a">&#1605;&#1589;&#1585; :</subfield><subfield code="b">&#1605;&#1591;&#1576;&#1593;&#1577; &#1575;&#1604;&#1605;&#1606;&#1575;&#1585;&#1548;</subfield><subfield code="c">1935.</subfield></datafield><datafield ind1="0" ind2=" " tag="880"><subfield code="6">700-05/</subfield><subfield code="a">&#1605;&#1581;&#1605;&#1583; &#1585;&#1588;&#1610;&#1583; &#1585;&#1590;&#1575;.</subfield></datafield><datafield ind1=" " ind2=" " tag="959"><subfield code="a">NNU</subfield><subfield code="b">WEB</subfield><subfield code="c">GENI</subfield><subfield code="t">0</subfield><subfield code="m">Electronic access</subfield><subfield code="s">01</subfield></datafield></record>